% Referenzen Kapitel 1 Einleitung
@article{moore,
    author = {Powell, James},
    year = {2008},
    month = {09},
    pages = {1247 - 1248},
    title = {The Quantum Limit to Moore's Law},
    volume = {96},
    journal = {Proceedings of the IEEE},
    doi = {10.1109/JPROC.2008.925411}
}

@book{qc-mainzer,
    author    = {Mainzer, Klaus}, 
    title     = {Quantencomputer},
    publisher = {Springer Berlin, Heidelberg},
    year      = 2020,
    isbn      = {978-3-662-61997-1},
    pages     = {1-5},
    url       = {https://link.springer.com/book/10.1007/978-3-662-61998-8}
}

@book{ki,
    author    = {Mainzer, Klaus}, 
    title     = {Künstliche Intelligenz – Wann übernehmen die Maschinen?},
    publisher = {Springer Berlin, Heidelberg},
    year      = 2019,
    isbn      = {978-3-662-58045-5},
    pages     = {7-14},
    url       = {https://link.springer.com/book/10.1007/978-3-662-58046-2}
}

@ARTICLE{Hinton2007,
AUTHOR = {Hinton, G. E.},
TITLE   = {{B}oltzmann machine},
YEAR    = {2007},
JOURNAL = {Scholarpedia},
VOLUME  = {2},
NUMBER  = {5},
PAGES   = {1668},
DOI     = {10.4249/scholarpedia.1668},
NOTE    = {revision \#91076}
}

@book{adiabatic,
    author    = {Catherine C. McGeoch}, 
    title     = {Adiabatic Quantum Computation and Quantum Annealing},
    publisher = {Springer Nature Switzerland AG 2014},
    year      = 2014,
    isbn      = {978-3-031-01390-4},
    pages     = {5},
    url       = {https://link.springer.com/book/10.1007/978-3-031-02518-1}
}

@article{infinite,
    author = {Foster, Robert and Weaver, Brian and Gattiker, James},
    year = {2019},
    month = {04},
    pages = {6},
    title = {Applications of Quantum Annealing in Statistics},
    journal={arXiv preprint arXiv:1904.06819}
}

@misc{heuristic,
    author = {Yarkoni, Sheir and Raponi, Elena and Schmitt, Sebastian and Bäck, Thomas},
    year = {2021},
    month = {12},
    pages = {31},
    title = {Quantum Annealing for Industry Applications: Introduction and Review}
}

% Referenzen Kapitel 2 Grundlagen
% Quantum Computing
@book{qc-homeister,
    author    = {Homeister, Matthias}, 
    title     = {Quantum Computing verstehen},
    publisher = {Springer Vieweg, Wiesbaden},
    year      = 2022,
    isbn      = {978-3-658-36433-5},
    pages     = {1-7, 20-21},
    url       = {https://link.springer.com/book/10.1007/978-3-658-36434-2}
}

% Referenzen Kapitel 2 Grundlagen
% Machine Learning
@book{ml,
    author    = {Matzka, Stephan}, 
    title     = {Künstliche Intelligenz in den Ingenieurwissenschaften},
    publisher = {Springer Vieweg, Wiesbaden},
    year      = 2021,
    isbn      = {978-3-658-34640-9},
    pages     = {1-7},
    url       = {https://link.springer.com/book/10.1007/978-3-658-34641-6}
}

@article{Adachi15,
    author = {Adachi, Steve and Henderson, Maxwell},
    year = {2015},
    month = {10},
    pages = {3},
    title = {Application of Quantum Annealing to Training of Deep Neural Networks},
    journal={arXiv preprint arXiv:1510.06356}
}

% Referenzen Kapitel 2 Grundlagen
% Anomaly Detection
@article{chandola2009anomaly,
  title={Anomaly detection: A survey},
  author={Chandola, Varun and Banerjee, Arindam and Kumar, Vipin},
  journal={ACM computing surveys (CSUR)},
  volume={41},
  number={3},
  pages={1--58},
  year={2009},
  publisher={ACM New York, NY, USA}
}

@article{patcha2007overview,
  title={An overview of anomaly detection techniques: Existing solutions and latest technological trends},
  author={Patcha, Animesh and Park, Jung-Min},
  journal={Computer networks},
  volume={51},
  number={12},
  pages={3448--3470},
  year={2007},
  publisher={Elsevier}
}

@article{omar2013machine,
  title={Machine learning techniques for anomaly detection: an overview},
  author={Omar, Salima and Ngadi, Asri and Jebur, Hamid H},
  journal={International Journal of Computer Applications},
  volume={79},
  number={2},
  year={2013},
  publisher={Foundation of Computer Science}
}

@article{blazquez2021review,
  title={A review on outlier/anomaly detection in time series data},
  author={Bl{\'a}zquez-Garc{\'\i}a, Ane and Conde, Angel and Mori, Usue and Lozano, Jose A},
  journal={ACM Computing Surveys (CSUR)},
  volume={54},
  number={3},
  pages={1--33},
  year={2021},
  publisher={ACM New York, NY, USA}
}

% Referenzen Kapitel 4 Konzept
% Restricted Boltzmann-Machine

@inproceedings{fischer2012introduction,
  title={An introduction to restricted Boltzmann machines},
  author={Fischer, Asja and Igel, Christian},
  booktitle={Iberoamerican congress on pattern recognition},
  pages={14--36},
  year={2012},
  organization={Springer}
}

@article{gabrie2015training,
  title={Training Restricted Boltzmann Machine via the￼ Thouless-Anderson-Palmer free energy},
  author={Gabri{\'e}, Marylou and Tramel, Eric W and Krzakala, Florent},
  journal={Advances in neural information processing systems},
  volume={28},
  year={2015}
}

@article{oh2020entropy,
  title={Entropy, free energy, and work of restricted boltzmann machines},
  author={Oh, Sangchul and Baggag, Abdelkader and Nha, Hyunchul},
  journal={Entropy},
  volume={22},
  number={5},
  pages={538},
  year={2020},
  publisher={MDPI}
}

@incollection{hinton2012practical,
  title={A practical guide to training restricted Boltzmann machines},
  author={Hinton, Geoffrey E},
  booktitle={Neural networks: Tricks of the trade},
  pages={599--619},
  year={2012},
  publisher={Springer}
}

@article{ackley1985learning,
  title={A learning algorithm for Boltzmann machines},
  author={Ackley, David H and Hinton, Geoffrey E and Sejnowski, Terrence J},
  journal={Cognitive science},
  volume={9},
  number={1},
  pages={147--169},
  year={1985},
  publisher={Elsevier}
}

% 4.2 QBM
@article{Amin18,
  title={Quantum boltzmann machine},
  author={Amin, Mohammad H and Andriyash, Evgeny and Rolfe, Jason and Kulchytskyy, Bohdan and Melko, Roger},
  journal={Physical Review X},
  volume={8},
  number={2},
  pages={021050},
  year={2018},
  publisher={APS}
}

@article{Korenkevych16,
  title={Benchmarking quantum hardware for training of fully visible Boltzmann machines},
  author={Korenkevych, Dmytro and Xue, Yanbo and Bian, Zhengbing and Chudak, Fabian and Macready, William G and Rolfe, Jason and Andriyash, Evgeny},
  journal={arXiv preprint arXiv:1611.04528},
  year={2016}
}

@article{Amin15,
  title={Searching for quantum speedup in quasistatic quantum annealers},
  author={Amin, Mohammad H},
  journal={Physical Review A},
  volume={92},
  number={5},
  pages={052323},
  year={2015},
  publisher={APS}
}

@article{Benedetti16,
  title={Estimation of effective temperatures in quantum annealers for sampling applications: A case study with possible applications in deep learning},
  author={Benedetti, Marcello and Realpe-G{\'o}mez, John and Biswas, Rupak and Perdomo-Ortiz, Alejandro},
  journal={Physical Review A},
  volume={94},
  number={2},
  pages={022308},
  year={2016},
  publisher={APS}
}

@article{Benedetti17,
  title={Quantum-assisted learning of hardware-embedded probabilistic graphical models},
  author={Benedetti, Marcello and Realpe-G{\'o}mez, John and Biswas, Rupak and Perdomo-Ortiz, Alejandro},
  journal={Physical Review X},
  volume={7},
  number={4},
  pages={041052},
  year={2017},
  publisher={APS}
}

@article{venegas2018cross,
  title={A cross-disciplinary introduction to quantum annealing-based algorithms},
  author={Venegas-Andraca, Salvador E and Cruz-Santos, William and McGeoch, Catherine and Lanzagorta, Marco},
  journal={Contemporary Physics},
  volume={59},
  number={2},
  pages={174--197},
  year={2018},
  publisher={Taylor \& Francis}
}

% 4.3 Anomaly detection
@article{do2018energy,
  title={Energy-based anomaly detection for mixed data},
  author={Do, Kien and Tran, Truyen and Venkatesh, Svetha},
  journal={Knowledge and Information Systems},
  volume={57},
  number={2},
  pages={413--435},
  year={2018},
  publisher={Springer}
}

@inproceedings{zhai2016deep,
  title={Deep structured energy based models for anomaly detection},
  author={Zhai, Shuangfei and Cheng, Yu and Lu, Weining and Zhang, Zhongfei},
  booktitle={International conference on machine learning},
  pages={1100--1109},
  year={2016},
  organization={PMLR}
}

% Related Work
@article{dixit2021training,
  title={Training a quantum annealing based restricted boltzmann machine on cybersecurity data},
  author={Dixit, Vivek and Selvarajan, Raja and Aldwairi, Tamer and Koshka, Yaroslav and Novotny, Mark A and Humble, Travis S and Alam, Muhammad A and Kais, Sabre},
  journal={IEEE Transactions on Emerging Topics in Computational Intelligence},
  volume={6},
  number={3},
  pages={417--428},
  year={2021},
  publisher={IEEE}
}

@article{ajagekar2020quantum,
  title={Quantum Computing Assisted Deep Learning for Fault Detection and Diagnosis in Industrial Process Systems},
  author={Ajagekar, Akshay and You, Fengqi},
  journal={arXiv preprint arXiv:2003.00264},
  year={2020}
}

@article{ajagekar2021quantum,
  title={Quantum computing based hybrid deep learning for fault diagnosis in electrical power systems},
  author={Ajagekar, Akshay and You, Fengqi},
  journal={Applied Energy},
  volume={303},
  pages={117628},
  year={2021},
  publisher={Elsevier}
}

@article{sato2021assessment,
  title={Assessment of image generation by quantum annealer},
  author={Sato, Takehito and Ohzeki, Masayuki and Tanaka, Kazuyuki},
  journal={Scientific reports},
  volume={11},
  number={1},
  pages={1--10},
  year={2021},
  publisher={Nature Publishing Group}
}

@article{rocutto2021quantum,
  title={Quantum semantic learning by reverse annealing of an adiabatic quantum computer},
  author={Rocutto, Lorenzo and Destri, Claudio and Prati, Enrico},
  journal={Advanced Quantum Technologies},
  volume={4},
  number={2},
  pages={2000133},
  year={2021},
  publisher={Wiley Online Library}
}

% Evaluation
% Simulated Annealing
@article{Siddique16,
  title={Simulated annealing, its variants and engineering applications},
  author={Siddique, Nazmul and Adeli, Hojjat},
  journal={International Journal on Artificial Intelligence Tools},
  volume={25},
  number={06},
  pages={1630001},
  year={2016},
  publisher={World Scientific}
}

% F1-Score
@article{tharwat2020classification,
  title={Classification assessment methods},
  author={Tharwat, Alaa},
  journal={Applied Computing and Informatics},
  year={2020},
  publisher={Emerald Publishing Limited}
}

@Misc{quantum_hardware,
  author       = {Catherine McGeoch and Pau Farré},
  howpublished = {\url{https://www.dwavesys.com/media/3xvdipcn/14-1058a-a_advantage_processor_overview.pdf}},
  month        = jan,
  note         = {Accessed: 2022-07-24},
  title        = {Advantage Processor Overview},
  year         = {2022},
}