%! Author = Daantje
%! Date = 02.08.22

